@MISC {www:meshlab,
	author = "{WWW pages}",  
	title = "{M}esh{L}ab [online]",
	year =         "[cit. 2014-12-7]",
	howpublished=  "{\tt http://meshlab.sourceforge.net}",
}
   
@MISC {www:pcl,
	author = "{WWW pages}",  
	title = "{PCL} - {P}oint {C}loud {L}ibrary ({PCL}) [online]",
	year = "[cit. 2014-12-7]",
	howpublished = "{\tt http://pointclouds.org}",
}
   
@MISC {www:slam,
	author = "{WWW pages}",  
	title = "{SLAM}++ $|$ {S}ource{F}orge.net [online]",
	year = "[cit. 2014-12-7]",
	howpublished = "{\tt http://sourceforge.net/projects/slam-plus-plus/}",
}
   
@MISC {www:bundler,
	author = "{WWW pages}",  
	title = "{B}undler - {S}tructure from {M}otion ({S}f{M}) for {U}nordered {I}mage {C}ollections  [online]",
	year = "[cit. 2014-12-8]",
	howpublished = "{\tt http://www.cs.cornell.edu/~snavely/bundler/}",
}
   
@MISC {www:visual_sfm,
	author = "{WWW pages}",  
	title = "{V}isual{SFM} : {A} {V}isual {S}tructure from {M}otion {S}ystem [online]",
	year = "[cit. 2014-12-8]",
	howpublished = "{\tt http://ccwu.me/vsfm/index.html}",
}

@MISC {www:photosynth,
	author = "{WWW pages}",  
	title = " {P}hotosynth - {C}apture your world in 3{D}. [online]",
	year = "[cit. 2014-12-8]",
	howpublished = "{\tt https://photosynth.net}",
}


@ARTICLE {article:brisk,
	author = "Stefan Leutenegger and Margarita Chli and Roland Y. Siegwart",  
	title = "{BRISK}: {B}inary {R}obust {I}nvariant {S}calable {K}eypoints [online]",
	year = "[cit. 2014-12-8]",
	howpublished = "{\tt http://www.robots.ox.ac.uk/~vgg/rg/papers/brisk.pdf}",
}

@ARTICLE {article:brief,
	author = "Michael Calonder and Vincent Lepetit and Christoph Strecha and Pascal Fua",  
	title = "{BRIEF}: {B}inary {R}obust {I}ndependent {E}lementary {F}eatures [online]",
	year = "[cit. 2014-12-8]",
	howpublished = "{\tt http://www.robots.ox.ac.uk/~vgg/rg/papers/CalonderLSF10.pdf}",
}

